@article{thimijan1983,
title={Photometric, radiometric, 
  and quantum light units of measure: a review of procedures for interconversion},
author={Thimijan, Richard W and Heins, Royal D},
journal={HortScience},
volume={18},
number={6},
pages={818--822},
year={1983},
publisher={Alexandria}
}


@article{bartrons2015,
author = {Bartrons, Mireia and Einarsson, \'{A}rni and Nobre, Regina L G and Herren, Cristina M and Webert, Kyle C and Brucet, Sandra and {\'O}lafsd{\'o}ttir, S{\'o}lveig R and Ives, Anthony R},
title = {Spatial patterns reveal strong abiotic and biotic drivers of zooplankton community composition in Lake Myvatn, Iceland},
journal = {Ecosphere},
volume = {6},
number = {6},
pages = {105--20},
year = {2015},
abstract = {},
location = {},
keywords = {Myvatn; lizard}}

@article{phillips2019,
title={Spatiotemporal variation in the sign and magnitude of 
  ecosystem engineer effects on lake ecosystem production},
author={Phillips, Joseph S and McCormick, Amanda R and 
Einarsson, \'{A}rni and Grover, Shannon N and Ives, Anthony R},
journal={Ecosphere},
volume={10},
number={6},
pages={e02760},
year={2019},
publisher={Wiley Online Library}
}

@article{cuddington2009,
title={Ecosystem engineers: feedback and population dynamics},
author={Cuddington, Kim and Wilson, Will G and Hastings, Alan},
journal={The American Naturalist},
volume={173},
number={4},
pages={488--498},
year={2009},
publisher={The University of Chicago Press}
}

@article{hastings2007,
title={Ecosystem engineering in space and time},
author={Hastings, Alan and Byers, James E and Crooks, Jeffrey A and Cuddington, Kim 
  and Jones, Clive G and Lambrinos, John G and Talley, Theresa S and Wilson, William G},
journal={Ecology letters},
volume={10},
number={2},
pages={153--164},
year={2007},
publisher={Wiley Online Library}
}

@article{donadi2014,
title={The bivalve loop: intra-specific facilitation 
  in burrowing cockles through habitat modification},
author={Donadi, Serena and van der Zee, Els M and van der Heide, Tjisse 
  and Weerman, Ellen J and Piersma, Theunis and van de Koppel, Johan 
    and Olff, Han and Bartelds, Marc and van Gerwen, Imke and Eriksson, Britas Klemens},
journal={Journal of experimental marine biology and ecology},
volume={461},
pages={44--52},
year={2014},
publisher={Elsevier}
}

@article{jones2010,
title={A framework for understanding physical ecosystem engineering by organisms},
author={Jones, Clive G and Guti{\'e}rrez, Jorge L and Byers, James E 
  and Crooks, Jeffrey A and Lambrinos, John G and Talley, Theresa S},
journal={Oikos},
volume={119},
number={12},
pages={1862--1869},
year={2010},
publisher={Wiley Online Library}
}

@incollection{jones1994,
title={Organisms as ecosystem engineers},
author={Jones, Clive G and Lawton, John H and Shachak, Moshe},
booktitle={Ecosystem management},
pages={130--147},
year={1994},
publisher={Springer}
}

@article{wright2006,
title={Predictability of ecosystem engineering effects on species richness 
  across environmental variability and spatial scales},
author={Wright, Justin P and Jones, Clive G and Boeken, Bertrand and Shachak, Moshe},
journal={Journal of Ecology},
pages={815--824},
year={2006},
publisher={JSTOR}
}

@article{lathlean2017,
title={Biogeographic variability in the value of mussel beds as 
  ecosystem engineers on South African rocky shores},
author={Lathlean, Justin A and McQuaid, Christopher D},
journal={Ecosystems},
volume={20},
number={3},
pages={568--582},
year={2017},
publisher={Springer}
}

@article{bertness1997,
title={The role of positive interactions in communities: lessons from intertidal habitats},
author={Bertness, Mark D and Leonard, George H},
journal={Ecology},
volume={78},
number={7},
pages={1976--1989},
year={1997},
publisher={Wiley Online Library}
}

@article{courchamp1999,
  title={Inverse density dependence and the Allee effect},
  author={Courchamp, Franck and Clutton-Brock, Tim and Grenfell, Bryan},
  journal={Trends in ecology \& evolution},
  volume={14},
  number={10},
  pages={405--410},
  year={1999},
  publisher={Elsevier}
}

@article{wilby2001,
title={Integration of ecosystem engineering and trophic effects of herbivores},
author={Wilby, Andrew and Shachak, Moshe and Boeken, Bertrand},
journal={Oikos},
volume={92},
number={3},
pages={436--444},
year={2001},
publisher={Wiley Online Library}
}



@article{sanders2014,
title={Integrating ecosystem engineering and food webs},
author={Sanders, Dirk and Jones, Clive G and Th{\'e}bault, Elisa and Bouma, Tjeerd J 
  and van der Heide, Tjisse and van Belzen, Jim and Barot, S\'{e}bastien},
journal={Oikos},
volume={123},
number={5},
pages={513--524},
year={2014},
publisher={Wiley Online Library}
}

@article{largaespada2012,
title={Meta-ecosystem engineering: nutrient fluxes reveal intraspecific 
  and interspecific feedbacks in fragmented mussel beds},
author={Largaespada, C\'{e}sar and Guichard, Fr\'{e}d\'{e}ric and Archambault, Philippe},
journal={Ecology},
volume={93},
number={2},
pages={324--333},
year={2012},
publisher={Wiley Online Library}
}


@article{bozec2013,
title={Reciprocal facilitation and non-linearity maintain 
  habitat engineering on coral reefs},
author={Bozec, Yves-Marie and Yakob, Laith and Bejarano, Sonia and Mumby, Peter J},
journal={Oikos},
volume={122},
number={3},
pages={428--440},
year={2013},
publisher={Wiley Online Library}
}

@article{odling1996,
title={Niche construction},
author={Odling-Smee, F John and Laland, Kevin N and Feldman, Marcus W},
journal={The American Naturalist},
volume={147},
number={4},
pages={641--648},
year={1996},
publisher={University of Chicago Press}
}

@article{wilby2002,
title={Ecosystem engineering: a trivialized concept?},
author={Wilby, Andrew},
journal={Trends in Ecology \& Evolution},
volume={17},
number={7},
pages={307},
year={2002},
publisher={Elsevier}
}

@article{reichman2002,
title={Ecosystem engineering: a trivialized concept?: Response from Reichman and Seabloom},
author={Reichman, OJ and Seabloom, Eric W},
journal={Trends in Ecology \& Evolution},
volume={17},
number={7},
pages={308},
year={2002},
publisher={Elsevier}
}

@article{bouma2009,
title={Density-dependent linkage of scale-dependent feedbacks: 
  A flume study on the intertidal macrophyte Spartina anglica},
author={Bouma, Tjeerd J and Friedrichs, Michael and Van Wesenbeeck, BK 
  and Temmerman, S and Graf, G and Herman, PMJ},
journal={Oikos},
volume={118},
number={2},
pages={260--268},
year={2009},
publisher={Wiley Online Library}
}

@article{reichman2002role,
title={The role of pocket gophers as subterranean ecosystem engineers},
author={Reichman, OJ and Seabloom, Eric W},
journal={Trends in Ecology \& Evolution},
volume={17},
number={1},
pages={44--49},
year={2002},
publisher={Elsevier}
}

@article{phillips2020,
title={Time-varying responses of lake metabolism to light and temperature},
author={Phillips, Joseph S},
journal={Limnology and Oceanography},
volume={65},
number={3},
pages={652--666},
year={2020},
publisher={Wiley Online Library}
}

@article{mccormick2019,
title={Responses of benthic algae to nutrient enrichment in a shallow lake: 
  Linking community production, biomass, and composition},
author={McCormick, Amanda R and Phillips, Joseph S and Ives, Anthony R},
journal={Freshwater Biology},
volume={64},
number={10},
pages={1833--1847},
year={2019},
publisher={Wiley Online Library}
}

@article{einarsson2004,
title={The ecology of Lake Myvatn and the River Lax\'{a}: variation in space and time},
author={Einarsson, \'{A}rni and Stef\'{a}nsd\'{o}ttir, Ger{\dh}ur
        and J\'{o}hannesson, Helgi and Olafsson, J\'{o}n S
        and G{\'\i}slason, G{\'\i}sli M{\'a}r
        and Wakana, Isamu and
        Gud{\dh}ergsson, Gu{\dh}ni
        and Gardarsson, Arnthor},
journal={Aquatic Ecology},
volume={38},
number={2},
pages={317--348},
year={2004},
publisher={Springer}
}

@article{ives2008,
title={High-amplitude fluctuations and alternative dynamical states 
  of midges in Lake M\'{y}vatn},
  author={Ives, Anthony R and Einarsson, \'{A}rni and Jansen, Vincent AA 
          and Gar{\dh}arsson, Arnthor},
  journal={Nature},
  volume={452},
  number={7183},
  pages={84--87},
  year={2008},
  publisher={Nature Publishing Group}
}

@article{olafsson1979,
  title={The chemistry of Lake M{\`y}vatn and river Lax{\'a}},
  author={\'{O}lafsson, J\'{o}n},
  journal={Oikos},
  pages={82--112},
  year={1979},
  publisher={JSTOR}
}

@article{cuddington2011,
title={Legacy effects: the persistent impact of ecological interactions},
author={Cuddington, Kim},
journal={Biological Theory},
volume={6},
number={3},
pages={203--210},
year={2011},
publisher={Springer}
}

@article{jonasson1979,
  title={The Lake M{\`y}vatn ecosystem, Iceland},
  author={J\'{o}nasson, P\'{e}tur M},
  journal={Oikos},
  pages={289--305},
  year={1979},
  publisher={JSTOR}
}

@article{lindegaard1979,
title={Abundance, population dynamics and production of zoobenthos in Lake M{\`y}vatn, Iceland},
author={Lindegaard, Claus and J\'{o}nasson, P\'{e}tur M},
journal={Oikos},
pages={202--227},
year={1979},
publisher={JSTOR}
}

@article{einarsson2002,
title={Consumer--resource interactions and cyclic 
population dynamics of Tanytarsus gracilentus (Diptera: Chironomidae)},
author={Einarsson, \'{A}rni and Gardarsson, 
Arnthor and G{\'\i}slason, G{\'\i}sli M\'{a}r and Ives, Anthony R},
journal={Journal of Animal Ecology},
volume={71},
number={5},
pages={832--845},
year={2002},
publisher={Wiley Online Library}
}

@article{herren2017,
title={Positive feedback between chironomids and algae 
creates net mutualism between benthic primary consumers and producers},
author={Herren, Cristina M and Webert, Kyle C and Drake, 
Michael D and Jake Vander Zanden, M and Einarsson, \'{A}rni and Ives, 
Anthony R and Gratton, Claudio},
journal={Ecology},
volume={98},
number={2},
pages={447--455},
year={2017},
publisher={Wiley Online Library}
}

@incollection{hall2017,
title = "Chapter 34 - Stream Metabolism",
editor = "Gary A. Lamberti and F. Richard Hauer",
booktitle = "Methods in Stream Ecology (Third Edition)",
publisher = "Academic Press",
edition = "Third Edition",
pages = "219 - 233",
year = "2017",
isbn = "978-0-12-813047-6",
doi = "https://doi.org/10.1016/B978-0-12-813047-6.00012-7",
author = "Robert O. Hall and Erin R. Hotchkiss"
}

@article{hill1990,
title={Periphyton responses to higher trophic levels and light in a shaded stream},
author={Hill, Walter R and Harvey, Bret C},
journal={Canadian journal of fisheries and aquatic sciences},
volume={47},
number={12},
pages={2307--2314},
year={1990},
publisher={NRC Research Press}
}

@article{hill1995,
title={Light limitation in a stream ecosystem: responses by primary producers and consumers},
author={Hill, Walter R and Ryon, Michael G and Schilling, Elizabeth M},
journal={Ecology},
volume={76},
number={4},
pages={1297--1309},
year={1995},
publisher={Wiley Online Library}
}

@article{hirabayashi1993,
title={A study on phototaxis for adult chironomidae (Diptera) by artificial light in Lake Suwa: 
  Response of adult chironomid midges to near ultraviolet and visible light},
author={HIRABAYASHI, Kimio and NAKAZATO, Ryoji and OHARA, Akio and OKINO, Tokio},
journal={Medical entomology and zoology},
volume={44},
number={1},
pages={33--39},
year={1993},
publisher={The Japan Society of Medical Entomology and Zoology}
}

@article{benelli2018,
title={Microphytobenthos and chironomid larvae attenuate nutrient recycling in shallow-water sediments},
author={Benelli, Sara and Bartoli, Marco and Zilius, Mindaugas and 
  Vybernaite-Lubiene, Irma and Ruginis, Tomas and Petkuviene, Jolita and Fano, Elisa Anna},
journal={Freshwater biology},
volume={63},
number={2},
pages={187--201},
year={2018},
publisher={Wiley Online Library}
}

@article{wellnitz1998,
title={Does light intensity modify the effect mayfly grazers have on periphyton?},
author={Wellnitz, Todd A and Ward, JV},
journal={Freshwater Biology},
volume={39},
number={1},
pages={135--149},
year={1998},
publisher={Wiley Online Library}
}


@article{yang2004,
title={Periodical cicadas as resource pulses in North American forests},
author={Yang, Louie H},
journal={Science},
volume={306},
number={5701},
pages={1565--1567},
year={2004},
publisher={American Association for the Advancement of Science}
}

@article{elton1942,
title={The ten-year cycle in numbers of the lynx in Canada},
author={Elton, Charles and Nicholson, Mary},
journal={The Journal of Animal Ecology},
pages={215--244},
year={1942},
publisher={JSTOR}
}

@article{yang2008,
title={Endogenous and exogenous factors controlling temporal abundance patterns of tropical mosquitoes},
author={Yang, Guo-Jing and Brook, Barry W and Whelan, Peter I and Cleland, Sam and Bradshaw, Corey JA},
journal={Ecological Applications},
volume={18},
number={8},
pages={2028--2040},
year={2008},
publisher={Wiley Online Library}
}

@book{turchin2003,
title={Complex population dynamics: a theoretical/empirical synthesis},
author={Turchin, Peter},
volume={35},
year={2003},
publisher={Princeton university press}
}

@book{murdoch2003,
title={Consumer-resource dynamics},
author={Murdoch, William W and Briggs, Cheryl J and Nisbet, Roger M},
volume={36},
year={2003},
publisher={Princeton University Press}
}

@article{reynolds2013,
title={When can a single-species, density-dependent model capture the dynamics 
  of a consumer-resource system?},
author={Reynolds, Sara A and Brassil, Chad E},
journal={Journal of theoretical biology},
volume={339},
pages={70--83},
year={2013},
publisher={Elsevier}
}

@article{krebs1988,
title={The experimental approach to rodent population dynamics},
author={Krebs, Charles J},
journal={Oikos},
pages={143--149},
year={1988},
publisher={JSTOR}
}

@article{krebs2002,
title={Two complementary paradigms for analysing population dynamics},
author={Krebs, Charles J},
journal={Philosophical Transactions of the Royal Society of London. Series B: Biological Sciences},
volume={357},
number={1425},
pages={1211--1219},
year={2002},
publisher={The Royal Society}
}

@article{wallace1996,
title={The role of macroinvertebrates in stream ecosystem function},
author={Wallace, J Bruce and Webster, Jackson R},
journal={Annual review of entomology},
volume={41},
number={1},
pages={115--139},
year={1996},
publisher={Annual Reviews 4139 El Camino Way, PO Box 10139, Palo Alto, CA 94303-0139, USA}
}

@article{lamberti1983,
title={Stream periphyton and insect herbivores: 
  an experimental study of grazing by a caddisfly population},
author={Lamberti, Gary A and Resh, Vincent H},
journal={Ecology},
volume={64},
number={5},
pages={1124--1135},
year={1983},
publisher={Wiley Online Library}
}

@article{murphy1984,
title={Primary production and grazing in freshwater 
  and intertidal reaches of a coastal stream, Southeast Alaska},
author={Murphy, Michael L},
journal={Limnology and Oceanography},
volume={29},
number={4},
pages={805--815},
year={1984},
publisher={Wiley Online Library}
}

@article{einarsson2016,
title={Identifying consumer--resource population dynamics using paleoecological data},
author={Einarsson, \'{A}rni and Hauptfleisch, Ulf and Leavitt, Peter R and Ives, Anthony R},
journal={Ecology},
volume={97},
number={2},
pages={361--371},
year={2016},
publisher={Wiley Online Library}
}

@article{hoelker2015,
title={Tube-dwelling invertebrates: tiny ecosystem engineers have large effects in lake ecosystems},
author={Hoelker, Franz and Vanni, Michael J and Kuiper, Jan J and Meile, Christof 
  and Grossart, Hans-Peter and Stief, Peter and Adrian, Rita and Lorke, Andreas 
    and Dellwig, Olaf and Brand, Andreas and others},
journal={Ecological Monographs},
volume={85},
number={3},
pages={333--351},
year={2015},
publisher={Wiley Online Library}
}

@article{goldfinch2000,
title={Chironomid grazing on benthic microalgae in a Louisiana salt marsh},
author={Goldfinch, April C and Carman, Kevin R},
journal={Estuaries},
volume={23},
number={4},
pages={536--547},
year={2000},
publisher={Springer}
}

@article{ingvason2004,
title={Food selection of Tanytarsus gracilentus larvae (Diptera: Chironomidae): 
  an analysis of instars and cohorts},
author={Ingvason, Haraldur R and {\'O}lafsson, J{\'o}n S and Gardarsson, Arnthor},
journal={Aquatic Ecology},
volume={38},
number={2},
pages={231--237},
year={2004},
publisher={Springer}
}

@article{wellnitz1996,
title={Light and a grazing mayfly shape periphyton in a Rocky Mountain stream},
author={Wellnitz, Todd A and Rader, Russell B and Ward, JV},
journal={Journal of the North American Benthological Society},
volume={15},
number={4},
pages={496--507},
year={1996},
publisher={North American Benthological Society}
}

@article{kiffney2004,
title={Establishing light as a causal mechanism structuring stream communities 
  in response to experimental manipulation of riparian buffer width},
author={Kiffney, Peter M and Richardson, John S and Bull, Jennifer P},
journal={Journal of the North American Benthological Society},
volume={23},
number={3},
pages={542--555},
year={2004}
}

@article{bowman2005,
  title={Changes in stoichiometric constraints on epilithon 
    and benthic macroinvertebrates in response to slight nutrient enrichment of mountain rivers},
  author={Bowman, Michelle F and Chambers, Patricia A and Schindler, David W},
  journal={Freshwater Biology},
  volume={50},
  number={11},
  pages={1836--1852},
  year={2005},
  publisher={Wiley Online Library}
}

@article{mundie1991,
title={Responses of stream periphyton and benthic insects 
  to increases in dissolved inorganic phosphorus in a mesocosm},
author={Mundie, JH and Simpson, KS and Perrin, CJ},
journal={Canadian Journal of Fisheries and Aquatic Sciences},
volume={48},
number={11},
pages={2061--2072},
year={1991},
publisher={NRC Research Press}
}

@article{corkum1997,
title={Effects of emergence date and maternal size on egg development 
  and sizes of eggs and first-instar nymphs of a semelparous aquatic insect},
author={Corkum, Lynda D and Ciborowski, Jan JH and Poulin, Ray G},
journal={Oecologia},
volume={111},
number={1},
pages={69--75},
year={1997},
publisher={Springer}
}

@article{jourdan2019,
title={Elevated temperatures translate into reduced dispersal abilities 
  in a natural population of an aquatic insect},
author={Jourdan, Jonas and Baranov, Viktor and Wagner, R\"{u}diger 
  and Plath, Martin and Haase, Peter},
journal={Journal of Animal Ecology},
volume={88},
number={10},
pages={1498--1509},
year={2019},
publisher={Wiley Online Library}
}

@article{mclachlan1985,
title={The relationship between habitat predictability 
  and wing length in midges (Chironomidae)},
author={McLachlan, Athol},
journal={Oikos},
pages={391--397},
year={1985},
publisher={JSTOR}
}

@article{van1987,
title={Influence of size and date of emergence on male survival 
  and mating success in a dragonfly, Sympetrum rubicundulum},
author={Van Buskirk, Joseph},
journal={American Midland Naturalist},
pages={169--176},
year={1987},
publisher={JSTOR}
}

@article{loetti2011,
title={Development rates, larval survivorship 
  and wing length of Culex pipiens (Diptera: Culicidae) at constant temperatures},
author={Loetti, Ver{\'o}nica and Schweigmann, Nicol{\'a}s and Burroni, Nora},
journal={Journal of Natural history},
volume={45},
number={35-36},
pages={2203--2213},
year={2011},
publisher={Taylor \& Francis}
}

@article{mayer1987,
title={The importance of algae in a shaded headwater stream 
  as food for an abundant caddisfly (Trichoptera)},
author={Mayer, Marilyn S and Likens, Gene E},
journal={Journal of the North American Benthological Society},
volume={6},
number={4},
pages={262--269},
year={1987},
publisher={North American Benthological Society}
}

@article{stevenson1991,
title={Density-dependent growth, ecological strategies, and effects of nutrients and 
  shading on benthic diatom succession in streams},
author={Stevenson, R Jan and Peterson, Christopher G and Kirschtel, David B 
  and King, Christopher C and Tuchman, Nancy C},
journal={Journal of phycology},
volume={27},
number={1},
pages={59--69},
year={1991},
publisher={Wiley Online Library}
}

@article{smith1987,
title={Intracellular photosynthate allocation and the control of acrtic marine ice 
  algal production},
author={Smith, Ralph EH and Clement, Pierre and Cota, Glenn F 
  and Li, William KW},
journal={Journal of Phycology},
volume={23},
number={2},
pages={124--132},
year={1987},
publisher={Wiley Online Library}
}


@article{hardison2013s,
title={Microphytobenthos and benthic macroalgae determine 
  sediment organic matter composition in shallow photic sediments},
author={Hardison, AK and Canuel, Elizabeth A and Anderson, Iris C 
  and Tobias, CR and Veuger, B and Waters, MN},
journal={Biogeosciences},
volume={10},
number={8},
pages={5571},
year={2013}
}

@article{mosisch2001,
title={The relative importance of shading and nutrients 
  on algal production in subtropical streams},
author={Mosisch, Thorsten D and Bunn, Stuart E and Davies, Peter M},
journal={Freshwater biology},
volume={46},
number={9},
pages={1269--1278},
year={2001},
publisher={Wiley Online Library}
}

@article{jassby1976,
title={Mathematical formulation of the relationship between photosynthesis 
  and light for phytoplankton},
author={Jassby, Alan D and Platt, Trevor},
journal={Limnology and oceanography},
volume={21},
number={4},
pages={540--547},
year={1976},
publisher={Wiley Online Library}
}

@article{ball1995,
title={The non-lethal effects of predators and the influence of food availability 
  on life history of adult Chironomus tentans (Diptera: Chironomidae)},
author={Ball, SL and Baker, RL},
journal={Freshwater Biology},
volume={34},
number={1},
pages={1--12},
year={1995},
publisher={Wiley Online Library}
}

@article{collins1980,
title={Developmental responses to food limitation as indicators 
  of environmental conditions for Ephydra cinerea Jones (Diptera)},
author={Collins, Nicholas C},
journal={Ecology},
volume={61},
number={3},
pages={650--661},
year={1980},
publisher={Wiley Online Library}
}

@article{kelly1999,
title={Effects of larval food-limitation on 
  Vanessa cardui Linnaeus (Lepidoptera: Nymphalidae)},
author={Kelly, Liesl and Debinski, Diane M},
journal={The American midland naturalist},
volume={141},
number={2},
pages={315--322},
year={1999},
publisher={BioOne}
}

@article{levi2014,
title={Growth and development of Aedes aegypti larvae 
  at limiting food concentrations},
author={Levi, Tal and Ben-Dov, Eitan and Shahi, Preeti and Borovsky, Dov and Zaritsky, Arieh},
journal={Acta tropica},
volume={133},
pages={42--44},
year={2014},
publisher={Elsevier}
}

@article{ives2015,
title={For testing the significance of regression coefficients, go ahead and log-transform count data},
author={Ives, Anthony R},
journal={Methods in Ecology and Evolution},
volume={6},
number={7},
pages={828--835},
year={2015},
publisher={Wiley Online Library}
}

@article{greig2012,
title={Warming, eutrophication, 
  and predator loss amplify subsidies between aquatic and terrestrial ecosystems},
author={Greig, Hamish S and Kratina, Pavel and Thompson, Patrick L 
  and Palen, Wendy J and Richardson, John S and Shurin, Jonathan B},
journal={Global Change Biology},
volume={18},
number={2},
pages={504--514},
year={2012},
publisher={Wiley Online Library}
}

@article{gratton2008,
title={Ecosystem linkages between lakes and 
  the surrounding terrestrial landscape in northeast Iceland},
author={Gratton, Claudio and Donaldson, Jack and Vander Zanden, M Jake},
journal={Ecosystems},
volume={11},
number={5},
pages={764--774},
year={2008},
publisher={Springer}
}

@article{yang2014,
title={Insects as drivers of ecosystem processes},
author={Yang, Louie H and Gratton, Claudio},
journal={Current Opinion in Insect Science},
volume={2},
pages={26--32},
year={2014},
publisher={Elsevier}
}

